
@article{gewin_how_2018,
	title = {How to write a first-class paper},
	volume = {555},
	copyright = {2021 Nature},
	url = {https://www.nature.com/articles/d41586-018-02404-4},
	doi = {10.1038/d41586-018-02404-4},
	abstract = {Six experts offer advice on producing a manuscript that will get published and pull in readers.},
	language = {en},
	number = {7694},
	urldate = {2021-05-17},
	journal = {Nature},
	author = {Gewin, Virginia},
	month = feb,
	year = {2018},
	pages = {129--130},
}

@article{mensh_ten_2017,
	title = {Ten simple rules for structuring papers},
	volume = {13},
	issn = {1553-7358},
	url = {https://journals.plos.org/ploscompbiol/article?id=10.1371/journal.pcbi.1005619},
	doi = {10.1371/journal.pcbi.1005619},
	language = {en},
	number = {9},
	urldate = {2021-05-17},
	journal = {PLOS Computational Biology},
	author = {Mensh, Brett and Kording, Konrad},
	month = sep,
	year = {2017},
	keywords = {Syntax, Scientists, Cell differentiation, Patient advocacy, Careers, Communications, Crystals, Experimental design},
	pages = {e1005619},
}

@article{smith_task_1990,
	title = {The task of the referee},
	volume = {23},
	issn = {1558-0814},
	doi = {10.1109/2.55470},
	abstract = {Computer researchers have a professional obligation to referee the work of others. This article tells you how to evaluate a paper and write a report using common standards and procedures. It focuses on research papers in applied areas of computer science and engineering, such as systems architecture, hardware, communications, and performance evaluation, but most of the discussion is generally applicable; separate sections consider research proposals and survey and tutorial papers.{\textless}{\textgreater}},
	number = {4},
	journal = {Computer},
	author = {Smith, A.J.},
	month = apr,
	year = {1990},
	keywords = {Computer science, Feedback, Systems engineering and theory, Computer architecture, Hardware, Communication standards, Proposals, Sparks, Aging, Professional activities},
	pages = {65--71},
}

@book{tufte_visual_1999,
	address = {Cheshire, Conn},
	edition = {17 print},
	title = {The visual display of quantitative information},
	isbn = {9780961392109},
	language = {eng},
	publisher = {Graphics Press},
	author = {Tufte, Edward R.},
	year = {1999},
	note = {OCLC: 248031026},
}

@book{tufte_beautiful_2006,
	address = {Cheshire, Conn},
	edition = {1st edition},
	title = {Beautiful {Evidence}},
	isbn = {9781930824164},
	language = {Inglês},
	publisher = {Graphics Press},
	author = {Tufte, Edward R.},
	month = jul,
	year = {2006},
}

@book{tufte_envisioning_1990,
	address = {Cheshire, Connecticut},
	title = {Envisioning {Information}},
	isbn = {9780961392116},
	language = {Inglês},
	publisher = {Graphics Pr},
	author = {Tufte, Edward R.},
	year = {1990},
}

@misc{harford_florence,
	title = {Florence {Nightingale}: {Data} {Viz} {Pioneer}},
	shorttitle = {Florence {Nightingale}},
	url = {https://99percentinvisible.org/episode/florence-nightingale-data-viz-pioneer/},
	abstract = {Victorian nurse Florence Nightingale (played in this episode by her distant cousin Helena Bonham Carter) is a hero of modern medicine – but her greatest contribution to combating disease and death resulted from the vivid graphs she made to back her public health campaigns. Florence Nightingale led a small team of nurses to Istanbul in},
	language = {en-US},
	year = {2021},
	urldate = {2021-05-17},
	journal = {99\% Invisible},
	author = {Harford, Tim},
}

@misc{harford2021,
	title = {Wrong tools cost lives},
	url = {https://timharford.com/2021/05/cautionary-tales-wrong-tools-cost-lives/},
	urldate = {2021-06-09},
        journal = {Cautionary {Tales}},
	author = {Tim Harford},
	month = may,
	year = {2021},
}

@book{knaflic_storytelling_2015,
	edition = {1ª edição},
	title = {Storytelling with {Data}: {A} {Data} {Visualization} {Guide} for {Business} {Professionals}},
	shorttitle = {Storytelling with {Data}},
	language = {Inglês},
	publisher = {Wiley},
	author = {Knaflic, Cole Nussbaumer},
	year = {2015},
}

@book{eco_how_2015,
	title = {How to {Write} a {Thesis}},
	language = {Inglês},
	publisher = {The MIT Press},
	author = {Eco, Umberto and Farina, Caterina Mongiat and Farina, Geoff},
	year = {2015},
}

@book{lamport_latex_1994,
	address = {Reading, Mass},
	edition = {2},
	title = {{LaTeX}: a document preparation system},
	isbn = {9780201529838},
	shorttitle = {{LaTeX}},
	publisher = {Addison-Wesley Professional},
	author = {Lamport, Leslie},
	month = jun,
	year = {1994},
}

@book{knuth_texbook_1984,
	address = {Reading, Mass},
	edition = {1ª edição},
	title = {The {TeXbook}},
	isbn = {9780201134483},
	language = {Inglês},
	publisher = {Addison Wesley},
	author = {Knuth, Donald E.},
	month = jan,
	year = {1984},
}

@misc{wikibook,
	title = {{LaTeX} - {Wikibooks}, open books for an open world},
	url = {https://en.wikibooks.org/wiki/LaTeX},
	language = {en},
	urldate = {2021-05-17},
}

@book{vivas_andrade_latex_2020,
	edition = {1},
	title = {Latex: {Elaboração} de {Documentos} {Digitais}},
	isbn = {978-65-00-07614-1},
	author = {Vivas Andrade, Alessandro and Araujo, Leonardo Carneiro and Assis, Luciana Pereira},
	year = {2020},
}

@book{goossens_latex_1993,
	title = {The {LaTeX} {Companion}},
	isbn = {9780201541991},
	publisher = {Addison Wesley},
	author = {Goossens, Michel and Mittelbach, Frank and Samarin, Alexander},
	year = {1993},
}

@book{chicago_2017,
	address = {Chicago},
	edition = {Seventeenth edition},
	title = {The {Chicago} manual of style},
	isbn = {9780226287058},
	publisher = {The University of Chicago Press},
	year = {2017},
	keywords = {Printing, Style manuals, Authorship, Style manuals, Authorship, Handbooks, manuals, etc, Publishers and publishing, United States, Handbooks, manuals, etc},
}

@article{Friendly2008,
  doi = {10.1214/08-sts268},
  url = {https://doi.org/10.1214/08-sts268},
  year = {2008},
  month = nov,
  publisher = {Institute of Mathematical Statistics},
  volume = {23},
  number = {4},
  author = {Michael Friendly},
  title = {The Golden Age of Statistical Graphics},
  journal = {Statistical Science}
}

@book{chacon_pro_2014,
	address = {New York, NY},
	edition = {2nd ed. edition},
	title = {Pro {Git}},
	isbn = {9781484200773},
	language = {English},
	publisher = {Apress},
	author = {Chacon, Scott and Straub, Ben},
	month = nov,
	year = {2014},
}

@book{wickhamggplot2,
	edition = {1st ed. 2009. Corr. 3rd printing 2010 edição},
	title = {ggplot2: {Elegant} {Graphics} for {Data} {Analysis}},
	shorttitle = {ggplot2},
	language = {Inglês},
	publisher = {Springer},
	author = {Wickham, Hadley},
	year = {2009},
}
