@book{milton,
 title = {Paradise {Lost}},
 author = {Milton, John},
 year = {1667}
}
