@article{altmann1980,
	title        = {Prolegomena to {M}enzerath's law},
	author       = {Gabriel Altmann},
	year         = 1980,
	journal      = {Glottometrika},
	volume       = 2,
	pages        = {1--10}
}
@article{altmann1983law,
	title        = {A Law of Change in Language, Historical Linguistics},
	author       = {Altmann, Gabriel},
	year         = 1983,
	journal      = {Quantitative Linguistics},
	publisher    = {Studienverlag Dr. N. Brockmeyer},
	volume       = 18,
	pages        = {104--115}
}
@article{altmann1983piotrowski,
	title        = {Das Piotrowski-Gesetz und seine Verallgemeinerungen},
	author       = {Altmann, Gabriel},
	year         = 1983,
	journal      = {Exakte Sprachwandelforschung},
	publisher    = {Herodot G{\"o}ttingen},
	pages        = {54--90}
}
@article{andres2010,
	title        = {On a Conjecture about the Fractal Structure of Language},
	author       = {Jan Andres},
	year         = 2010,
	month        = {may},
	journal      = {Journal of Quantitative Linguistics},
	publisher    = {Informa {UK} Limited},
	volume       = 17,
	number       = 2,
	pages        = {101--122},
	doi          = {10.1080/09296171003643189},
	url          = {https://doi.org/10.1080/09296171003643189}
}
@inproceedings{araujo2014menzerath,
	title        = {Menzerath’s law on word duration},
	author       = {Araujo, Leonardo and Crist{\'o}faro-Silva, Tha{\"\i}s and Yehia, Hani},
	year         = 2014,
	booktitle    = {1st International DINAFON Meeting}
}
@article{araujo2020,
	title        = {An{\'{a}}lise da Lei de Menzerath no Portugu{\^{e}}s Brasileiro},
	author       = {Leonardo Carneiro Araujo and Aline Benevides and Marcos Pereira},
	year         = 2020,
	month        = jun,
	journal      = {Linguam{\'{a}}tica},
	publisher    = {University of Minho},
	volume       = 12,
	number       = 1,
	pages        = {31--48},
	doi          = {10.21814/lm.12.1.300},
	url          = {https://doi.org/10.21814/lm.12.1.300}
}
@inproceedings{araujoestimaccao,
	title        = {Estima{\c{c}}ao da entropia e as leis de Zipf e Heaps},
	author       = {Ara{\'u}jo, Leonardo C and Yehia, Hani C and Crist{\'o}faro-Silva, Tha{\i}s},
	year         = 2017,
	booktitle    = {Confer{\^{e}}ncia Brasileira de Din{\^{a}}mica, Controle e Aplica{\c{c}}oes ({DINCON})}
}
@article{baayen1996effects,
	title        = {The effects of lexical specialization on the growth curve of the vocabulary},
	author       = {Baayen, Harald},
	year         = 1996,
	journal      = {Computational Linguistics},
	volume       = 22,
	number       = 4,
	pages        = {455--480}
}
@book{baayen2001word,
	title        = {Word frequency distributions},
	author       = {Baayen, R Harald},
	year         = 2001,
	publisher    = {Springer Science \& Business Media},
	volume       = 18
}
@article{baek2011zipf,
	title        = {Zipf's law unzipped},
	author       = {Baek, Seung Ki and Bernhardsson, Sebastian and Minnhagen, Petter},
	year         = 2011,
	journal      = {New Journal of Physics},
	publisher    = {IOP Publishing},
	volume       = 13,
	number       = 4,
	pages        = {043004}
}
@article{Baixeries2013,
	title        = {The Evolution of the Exponent of Zipf{\textquotesingle}s Law in Language Ontogeny},
	author       = {Jaume Baixeries and Brita Elvev{\aa}g and Ramon Ferrer-i-Cancho},
	year         = 2013,
	month        = mar,
	journal      = {{PLoS} {ONE}},
	publisher    = {Public Library of Science ({PLoS})},
	volume       = 8,
	number       = 3,
	pages        = {e53227},
	doi          = {10.1371/journal.pone.0053227},
	url          = {https://doi.org/10.1371/journal.pone.0053227},
	editor       = {Satoru Hayasaka}
}
@inproceedings{belevitch1959statistical,
	title        = {On the statistical laws of linguistic distributions},
	author       = {Belevitch, Vitold},
	year         = 1959,
	booktitle    = {Annales de la Societe Scientifique de Bruxelles},
	volume       = 73,
	number       = 3,
	pages        = {301--326}
}
@inproceedings{bentz2016zipf,
	title        = {Zipf's law of abbreviation as a language universal},
	author       = {Bentz, Chris and Ferrer Cancho, Ramon},
	year         = 2016,
	booktitle    = {Proceedings of the Leiden workshop on capturing phylogenetic algorithms for linguistics},
	pages        = {1--4},
	organization = {University of T{\"u}bingen}
}
@book{best2006quantitative,
	title        = {Quantitative Linguistik: eine Ann{\"a}herung},
	author       = {Best, K.H.},
	year         = 2006,
	publisher    = {Peust \& Gutschmidt},
	series       = {G{\"o}ttinger linguistische Abhandlungen},
	isbn         = 9783933043177,
	url          = {https://books.google.com.br/books?id=\_iCwMQAACAAJ}
}
@article{Best2016,
	title        = {Bibliography {\textendash} Piotrowski's law},
	author       = {Karl-Heinz Best},
	year         = 2016,
	month        = jan,
	journal      = {Glottotheory},
	publisher    = {Walter de Gruyter {GmbH}},
	volume       = 7,
	number       = 1,
	doi          = {10.1515/glot-2016-0006},
	url          = {https://doi.org/10.1515/glot-2016-0006}
}
@article{best2016bibliography,
	title        = {Bibliography--Piotrowski’s law},
	author       = {Best, Karl-Heinz},
	year         = 2016,
	journal      = {Glottotheory},
	publisher    = {De Gruyter (A)},
	volume       = 7,
	number       = 1,
	pages        = {89--93}
}
@article{Bian2016,
	title        = {Scaling laws and model of words organization in spoken and written language},
	author       = {Chunhua Bian and Ruokuang Lin and Xiaoyu Zhang and Qianli D. Y. Ma and Plamen Ch. Ivanov},
	year         = 2016,
	month        = jan,
	journal      = {{EPL} (Europhysics Letters)},
	publisher    = {{IOP} Publishing},
	volume       = 113,
	number       = 1,
	pages        = 18002,
	doi          = {10.1209/0295-5075/113/18002},
	url          = {https://doi.org/10.1209/0295-5075/113/18002}
}
@article{boroda1991,
	title        = {Menzerath’s law in musical texts},
	author       = {M. Boroda and Gabriel Altmann},
	year         = 1991,
	journal      = {Musikometrica},
	volume       = 3,
	pages        = {1--13}
}
@article{cancho2003,
	title        = {Least effort and the origins of scaling in human language},
	author       = {Ramon Ferrer i Cancho and Ricard V. Sol{\'{e}}},
	year         = 2003,
	month        = jan,
	journal      = {Proceedings of the National Academy of Sciences},
	publisher    = {Proceedings of the National Academy of Sciences},
	volume       = 100,
	number       = 3,
	pages        = {788--791},
	doi          = {10.1073/pnas.0335980100},
	url          = {https://doi.org/10.1073/pnas.0335980100}
}
@article{cancho2005decoding,
	title        = {Decoding least effort and scaling in signal frequency distributions},
	author       = {i Cancho, Ramon Ferrer},
	year         = 2005,
	journal      = {Physica A: Statistical Mechanics and its Applications},
	publisher    = {Elsevier},
	volume       = 345,
	number       = {1-2},
	pages        = {275--284}
}
@article{cancho2005hidden,
	title        = {Hidden communication aspects inside the exponent of Zipf's law},
	author       = {R. Ferrer-i-Cancho},
	year         = 2005,
	journal      = {Glottometrics},
	volume       = 11,
	pages        = {96--117},
	date         = {2005-01-01}
}
@incollection{cancho2007,
	title        = {On the universality of Zipf's law for word frequencies},
	author       = {Ramon Ferrer i Cancho},
	year         = 2007,
	month        = dec,
	booktitle    = {Exact Methods in the Study of Language and Text},
	publisher    = {De Gruyter Mouton},
	pages        = {131--140},
	doi          = {10.1515/9783110894219.131},
	url          = {https://doi.org/10.1515/9783110894219.131},
	editor       = {Peter Grzybek and Reinhard Köhler}
}
@article{cancho2013compression,
	title        = {Compression as a universal principle of animal behavior},
	author       = {Ferrer-i-Cancho, Ramon and Hern{\'a}ndez-Fern{\'a}ndez, Antoni and Lusseau, David and Agoramoorthy, Govindasamy and Hsu, Minna J and Semple, Stuart},
	year         = 2013,
	journal      = {Cognitive Science},
	publisher    = {Wiley Online Library},
	volume       = 37,
	number       = 8,
	pages        = {1565--1578}
}
@article{cancho2018origins,
	title        = {The origins of Zipf's meaning-frequency law},
	author       = {Ferrer-i-Cancho, Ramon and Vitevitch, Michael S},
	year         = 2018,
	journal      = {Journal of the Association for Information Science and Technology},
	publisher    = {Wiley Online Library},
	volume       = 69,
	number       = 11,
	pages        = {1369--1379}
}
@article{casas2019,
	title        = {Polysemy and brevity versus frequency in language},
	author       = {Bernardino Casas and Antoni Hern{\'{a}}ndez-Fern{\'{a}}ndez and Neus Catal{\`{a}} and Ramon Ferrer-i-Cancho and Jaume Baixeries},
	year         = 2019,
	month        = nov,
	journal      = {Computer Speech {\&}amp$\mathsemicolon$ Language},
	publisher    = {Elsevier {BV}},
	volume       = 58,
	pages        = {19--50},
	doi          = {10.1016/j.csl.2019.03.007},
	url          = {https://doi.org/10.1016/j.csl.2019.03.007}
}
@article{chater1999scale,
	title        = {Scale-invariance as a unifying psychological principle},
	author       = {Chater, Nick and Brown, Gordon DA},
	year         = 1999,
	journal      = {Cognition},
	publisher    = {Elsevier},
	volume       = 69,
	number       = 3,
	pages        = {B17--B24}
}
@article{chen1975sound,
	title        = {Sound change: actuation and implementation},
	author       = {Chen, Matthew Y and SY, William},
	year         = 1975,
	journal      = {Language},
	publisher    = {JSTOR},
	pages        = {255--281}
}
@article{conrad2004power,
	title        = {Power laws for monkeys typing randomly: the case of unequal probabilities},
	author       = {Conrad, Brian and Mitzenmacher, Michael},
	year         = 2004,
	journal      = {IEEE Transactions on information theory},
	publisher    = {IEEE},
	volume       = 50,
	number       = 7,
	pages        = {1403--1414}
}
@article{corominas2010universality,
	title        = {Universality of Zipf’s law},
	author       = {Corominas-Murtra, Bernat and Sol{\'e}, Ricard V},
	year         = 2010,
	journal      = {Physical Review E},
	publisher    = {APS},
	volume       = 82,
	number       = 1,
	pages        = {011102}
}
@article{cox,
	title        = {The concentration of commercial success in popular music: an analysis of the distribution of gold records},
	author       = {Raymond A K Cox and James M.  Felton and Kee C. Chung},
	year         = 1995,
	journal      = {Journal of Cultural Economics},
	volume       = 19,
	pages        = {333--340}
}
@inproceedings{crovella96,
	title        = {Self-Similarity in {W}orld {W}ide {W}eb Traffic: Evidence and Possible Causes},
	author       = {Marl E. Crovella and Azer Bestavros},
	year         = 1996,
	month        = may,
	booktitle    = {Proceedings of the 1996 ACM SIGMETRICS International Conference on Measurement and Modeling of Computer Systems},
	pages        = {160--169},
	url          = {http://www.cs.bu.edu/faculty/crovella/paper-archive/self-sim/sigmetrics-version.ps}
}
@article{derek1965,
	title        = {Networks of Scientific Papers},
	author       = {Derek John de Solla Price},
	year         = 1965,
	journal      = {Science},
	volume       = 149,
	number       = 3683,
	pages        = {510--515}
}
@article{fan2014some,
	title        = {Some macro quantitative features of low-frequency word classes.},
	author       = {Fan, Fengxiang and Wang, Yaqin and Gao, Zhao},
	year         = 2014,
	journal      = {Glottometrics},
	volume       = 28,
	pages        = {1--12}
}
@inproceedings{farmer2008power,
	title        = {Power laws in economics and elsewhere},
	author       = {Farmer, J Doyne and Geanakoplos, John},
	year         = 2008,
	booktitle    = {Santa Fe Institute}
}
@article{fengxiang2010asymptotic,
	title        = {An asymptotic model for the English hapax/vocabulary ratio},
	author       = {Fengxiang, Fan},
	year         = 2010,
	journal      = {Computational Linguistics},
	publisher    = {MIT Press One Rogers Street, Cambridge, MA 02142-1209, USA journals-info~…},
	volume       = 36,
	number       = 4,
	pages        = {631--637}
}
@article{ferrer2014menzerath,
	title        = {When is Menzerath-Altmann law mathematically trivial? A new approach},
	author       = {Ferrer-i-Cancho, Ramon and Hern{\'a}ndez-Fern{\'a}ndez, Antoni and Baixeries, Jaume and D{\k{e}}bowski, {\L}ukasz and Ma{\v{c}}utek, J{\'a}n},
	year         = 2014,
	journal      = {Statistical applications in genetics and molecular biology},
	publisher    = {De Gruyter},
	volume       = 13,
	number       = 6,
	pages        = {633--644}
}
@article{fujiwara2004,
	title        = {Zipf law in firms bankruptcy},
	author       = {Yoshi Fujiwara},
	year         = 2004,
	journal      = {Physica A: Statistical and Theoretical Physics},
	volume       = 337,
	number       = {1-2},
	pages        = {219--230}
}
@article{furusawa,
	title        = {Zipf's law in gene expression},
	author       = {Chikara Furusawa and Kunihiko Kaneko},
	year         = 2003,
	journal      = {Physical review letters},
	volume       = 90,
	number       = 8,
	pages        = {088102}
}
@article{gabaix1999,
	title        = {Zipf's Law for Cities: An Explanation},
	author       = {Xavier Gabaix},
	year         = 1999,
	journal      = {Quarterly Journal of Economics},
	volume       = 114,
	number       = 3,
	pages        = {739--767}
}
@article{gopinath2008modeling,
	title        = {Modeling of vowel duration in Malayalam speech using probability distribution},
	author       = {Gopinath, Deepa P and Veena, S and Nair, Achuthsankar S},
	year         = 2008,
	journal      = {Proceedings of the speech prosody, Campinas, Brazil},
	publisher    = {Citeseer},
	pages        = {6--9}
}
@misc{grimes2000,
	title        = {Ethnologue: Languages of the World},
	author       = {Barbara F. Grimes},
	year         = 2000,
	publisher    = {SIL International},
	address      = {Texas},
	howpublished = {\url{https://www.ethnologue.com/14/}},
	edition      = {Fourteenth}
}
@article{gtorre2021,
	title        = {Can Menzerath's law be a criterion of complexity in communication?},
	author       = {Iv{\'{a}}n G. Torre and {\L}ukasz D{\k{e}}bowski and Antoni Hern{\'{a}}ndez-Fern{\'{a}}ndez},
	year         = 2021,
	month        = aug,
	journal      = {{PLOS} {ONE}},
	publisher    = {Public Library of Science ({PLoS})},
	volume       = 16,
	number       = 8,
	pages        = {e0256133},
	doi          = {10.1371/journal.pone.0256133},
	url          = {https://doi.org/10.1371/journal.pone.0256133},
	editor       = {Diego Raphael Amancio}
}
@article{guiraud1968semic,
	title        = {The semic matrices of meaning},
	author       = {Guiraud, Pierre},
	year         = 1968,
	journal      = {Social science information},
	publisher    = {Sage Publications Sage CA: Thousand Oaks, CA},
	volume       = 7,
	number       = 2,
	pages        = {131--139}
}
@article{heesen2019,
	title        = {Linguistic laws in chimpanzee gestural communication},
	author       = {Raphaela Heesen and Catherine Hobaiter and Ramon Ferrer-i-Cancho and Stuart Semple},
	year         = 2019,
	month        = feb,
	journal      = {Proceedings of the Royal Society B: Biological Sciences},
	publisher    = {The Royal Society},
	volume       = 286,
	number       = 1896,
	pages        = 20182900,
	doi          = {10.1098/rspb.2018.2900},
	url          = {https://doi.org/10.1098/rspb.2018.2900}
}
@article{herdan1958relation,
	title        = {The relation between the dictionary distribution and the occurrence distribution of word length and its importance for the study of quantitative linguistics},
	author       = {Herdan, Gustav},
	year         = 1958,
	journal      = {Biometrika},
	publisher    = {Oxford University Press},
	volume       = 45,
	number       = {1-2},
	pages        = {222--228}
}
@inproceedings{hernandez2016testing,
	title        = {Testing the robustness of laws of polysemy and brevity versus frequency},
	author       = {Hern{\'a}ndez-Fern{\'a}ndez, Antoni and Casas, Bernardino and Ferrer-i-Cancho, Ramon and Baixeries, Jaume},
	year         = 2016,
	booktitle    = {International Conference on Statistical Language and Speech Processing},
	pages        = {19--29},
	organization = {Springer}
}
@article{hernandez2019linguistic,
	title        = {Linguistic laws in speech: the case of Catalan and Spanish},
	author       = {Hern{\'a}ndez-Fern{\'a}ndez, Antoni and G. Torre, Iv{\'a}n and Garrido, Juan-Mar{\'\i}a and Lacasa, Lucas},
	year         = 2019,
	journal      = {Entropy},
	publisher    = {MDPI},
	volume       = 21,
	number       = 12,
	pages        = 1153
}
@article{hernando2009zipf,
	title        = {Zipf's law from a Fisher variational-principle},
	author       = {Hernando, A and Puigdom{\`e}nech, D and Villuendas, D and Vesperinas, C and Plastino, A},
	year         = 2009,
	journal      = {Physics Letters A},
	publisher    = {Elsevier},
	volume       = 374,
	number       = 1,
	pages        = {18--21}
}
@article{HernndezFernndez2019,
	title        = {Linguistic Laws in Speech: The Case of Catalan and Spanish},
	author       = {Antoni Hern{\'{a}}ndez-Fern{\'{a}}ndez and Iv{\'{a}}n G. Torre and Juan-Mar{\'{\i}}a Garrido and Lucas Lacasa},
	year         = 2019,
	month        = nov,
	journal      = {Entropy},
	publisher    = {{MDPI} {AG}},
	volume       = 21,
	number       = 12,
	pages        = 1153,
	doi          = {10.3390/e21121153},
	url          = {https://doi.org/10.3390/e21121153}
}
@book{hrebicek1995,
	title        = {Text Levels. Language Constructs, Constituents and the Menzerath-Altmann Law},
	author       = {Ludek H\v{r}eb\'{i}\v{c}ek},
	year         = 1995,
	publisher    = {Wissenschaftlicher Verlag Trier},
	series       = {Quantitative linguistics}
}
@article{huberman2002,
	title        = {Zipf’s law and the Internet},
	author       = {Lada A. Adamic and Bernardo A. Huberman},
	year         = 2002,
	journal      = {Glottometrics},
	volume       = 3,
	pages        = {143--150}
}
@article{huffman1952method,
	title        = {A method for the construction of minimum-redundancy codes},
	author       = {Huffman, David A},
	year         = 1952,
	journal      = {Proceedings of the IRE},
	publisher    = {IEEE},
	volume       = 40,
	number       = 9,
	pages        = {1098--1101}
}
@inproceedings{ilgen2007investigation,
	title        = {Investigation of Zipf’s ‘law-of-meaning’on Turkish corpora},
	author       = {Ilgen, Bahar and Karaoglan, Bahar},
	year         = 2007,
	booktitle    = {2007 22nd international symposium on computer and information sciences},
	pages        = {1--6},
	organization = {IEEE}
}
@article{kanwal2017,
	title        = {Zipf's Law of Abbreviation and the Principle of Least Effort: Language users optimise a miniature lexicon for efficient communication},
	author       = {Jasmeen Kanwal and Kenny Smith and Jennifer Culbertson and Simon Kirby},
	year         = 2017,
	month        = aug,
	journal      = {Cognition},
	publisher    = {Elsevier {BV}},
	volume       = 165,
	pages        = {45--52},
	doi          = {10.1016/j.cognition.2017.05.001},
	url          = {https://doi.org/10.1016/j.cognition.2017.05.001}
}
@article{kawamura2002universality,
	title        = {Universality of Zipf's law},
	author       = {Kawamura, Kenji and Hatano, Naomichi},
	year         = 2002,
	journal      = {Journal of the Physical Society of Japan},
	publisher    = {The Physical Society of Japan},
	volume       = 71,
	number       = 5,
	pages        = {1211--1213}
}
@article{kohler1989menzerathsche,
	title        = {Das Menzerathsche Gesetz als Resultat des Sprachverarbeitungsmechanismus},
	author       = {K{\"o}hler, Reinhard},
	year         = 1989,
	journal      = {Das Menzerathsche Gesetz in informations--verarbeitenden Systemen. Olms, Hildesheim},
	pages        = {108--116}
}
@article{kohli,
	title        = {Market Shares: Some Power Law Results and Observations},
	author       = {Rajeev Kohli and Raaj Kumar Sah},
	year         = 2003,
	journal      = {Management Science},
	volume       = 52,
	number       = 11,
	pages        = {1792--1798}
}
@article{kornai2002many,
	title        = {How many words are there?},
	author       = {Kornai, Andr{\'a}s},
	year         = 2002,
	journal      = {Glottometrics},
	volume       = 4,
	pages        = {61--86}
}
@phdthesis{leoca2013,
	title        = {Statistical analyses in language usage},
	author       = {de Ara{\'u}jo, Leonardo Carneiro},
	year         = 2013,
	school       = {Universidade Federal de Minas Gerais}
}
@article{leoca2013glotto,
	title        = {Entropy of a Zipfian Distributed Lexicon},
	author       = {Leonardo Carneiro de Ara{\'{u}}jo and Tha{\"{\i}}s Crist{\'{o}}faro Silva and Hani C. Yehia},
	year         = 2013,
	journal      = {Glottometrics},
	volume       = 26,
	pages        = {38--49}
}
@article{li1992random,
	title        = {Random texts exhibit Zipf's-law-like word frequency distribution},
	author       = {Li, Wentian},
	year         = 1992,
	journal      = {IEEE Transactions on information theory},
	publisher    = {IEEE},
	volume       = 38,
	number       = 6,
	pages        = {1842--1845}
}
@inproceedings{mandelbrot1953,
	title        = {An informational theory of the statistical structure of languages},
	author       = {Beno\^it B. Mandelbrot},
	year         = 1953,
	booktitle    = {Communication Theory},
	pages        = {486--502},
	editor       = {Jackson, Betterworth W.}
}
@book{mandelbrot1953theorie,
	title        = {Contribution {\`a} la th{\'e}orie math{\'e}matique des jeux de communication},
	author       = {Benoit Mandelbrot},
	year         = 1953,
	publisher    = {Institut Henri Poincar{\'e}},
	series       = {Publications de l'Institut de Statistique de l'Universit{\'e} de Par{\'\i}s}
}
@article{mandelbrot1963,
	title        = {The Variation of Certain Speculative Prices},
	author       = {Beno\^{i}t Mandelbrot},
	year         = 1963,
	journal      = {The Journal of Business},
	volume       = 36,
	number       = 4,
	pages        = {394--419}
}
@article{manin2008zipf,
	title        = {Zipf's law and avoidance of excessive synonymy},
	author       = {Manin, Dmitrii Y},
	year         = 2008,
	journal      = {Cognitive Science},
	publisher    = {Wiley Online Library},
	volume       = 32,
	number       = 7,
	pages        = {1075--1098}
}
@article{mehri2017,
	title        = {Variation of Zipf{\textquotesingle}s exponent in one hundred live languages: A study of the Holy Bible translations},
	author       = {Ali Mehri and Maryam Jamaati},
	year         = 2017,
	month        = aug,
	journal      = {Physics Letters A},
	publisher    = {Elsevier {BV}},
	volume       = 381,
	number       = 31,
	pages        = {2470--2477},
	doi          = {10.1016/j.physleta.2017.05.061},
	url          = {https://doi.org/10.1016/j.physleta.2017.05.061}
}
@book{menzerath1954,
	title        = {Die Architektonik des deutschen Wortschatzes},
	author       = {Paul Menzerath},
	year         = 1954,
	publisher    = {F. D{\"u}mmler},
	series       = {Phonetische Studien}
}
@article{miller1957some,
	title        = {Some effects of intermittent silence},
	author       = {Miller, George A},
	year         = 1957,
	journal      = {The American journal of psychology},
	publisher    = {JSTOR},
	volume       = 70,
	number       = 2,
	pages        = {311--314}
}
@article{mitzenmacher2004brief,
	title        = {A brief history of generative models for power law and lognormal distributions},
	author       = {Mitzenmacher, Michael},
	year         = 2004,
	journal      = {Internet mathematics},
	publisher    = {Taylor \& Francis},
	volume       = 1,
	number       = 2,
	pages        = {226--251}
}
@article{nicolis1989,
	title        = {Chaotic dynamics, {Markov} partitions, and {Zipf}'s law},
	author       = {Gr\'{e}goire Nicolis and Cathy Nicolis and John S. Nicolis},
	year         = 1989,
	journal      = {Journal of Statistical Physics},
	volume       = 54,
	number       = {3--4},
	pages        = {915--924}
}
@article{parker1956theory,
	title        = {A theory of word-frequency distribution},
	author       = {Parker-Rhodes, AF and Joyce, T},
	year         = 1956,
	journal      = {Nature},
	publisher    = {Nature Publishing Group},
	volume       = 178,
	number       = 4545,
	pages        = {1308--1308}
}
@book{perbak,
	title        = {How Nature Works: the science of self-organized criticality},
	author       = {Per Bak},
	year         = 1996,
	publisher    = {Copernicus}
}
@article{piantadosi2011word,
	title        = {Word lengths are optimized for efficient communication},
	author       = {Piantadosi, Steven T and Tily, Harry and Gibson, Edward},
	year         = 2011,
	journal      = {Proceedings of the National Academy of Sciences},
	publisher    = {National Acad Sciences},
	volume       = 108,
	number       = 9,
	pages        = {3526--3529}
}
@article{popescu2008,
	title        = {Hapax Legomena and Language Typology},
	author       = {Ioan-Iovitz Popescu and Gabriel Altmann},
	year         = 2008,
	month        = nov,
	journal      = {Journal of Quantitative Linguistics},
	publisher    = {Informa {UK} Limited},
	volume       = 15,
	number       = 4,
	pages        = {370--378},
	doi          = {10.1080/09296170802326699},
	url          = {https://doi.org/10.1080/09296170802326699}
}
@article{rosen2005analysis,
	title        = {Analysis of speech segment duration with the lognormal distribution: A basis for unification and comparison},
	author       = {Rosen, Kristin M},
	year         = 2005,
	journal      = {Journal of Phonetics},
	publisher    = {Elsevier},
	volume       = 33,
	number       = 4,
	pages        = {411--426}
}
@article{salge2015zipf,
	title        = {Zipf’s law: balancing signal usage cost and communication efficiency},
	author       = {Salge, Christoph and Ay, Nihat and Polani, Daniel and Prokopenko, Mikhail},
	year         = 2015,
	journal      = {PLoS one},
	publisher    = {Public Library of Science San Francisco, CA USA},
	volume       = 10,
	number       = 10,
	pages        = {e0139475}
}
@article{shaw2019effects,
	title        = {Effects of surprisal and entropy on vowel duration in Japanese},
	author       = {Shaw, Jason A and Kawahara, Shigeto},
	year         = 2019,
	journal      = {Language and speech},
	publisher    = {SAGE Publications Sage UK: London, England},
	volume       = 62,
	number       = 1,
	pages        = {80--114}
}
@article{sigurd2004word,
	title        = {Word length, sentence length and frequency--Zipf revisited},
	author       = {Sigurd, Bengt and Eeg-Olofsson, Mats and Van Weijer, Joost},
	year         = 2004,
	journal      = {Studia linguistica},
	publisher    = {Wiley Online Library},
	volume       = 58,
	number       = 1,
	pages        = {37--52}
}
@article{simon1955class,
	title        = {On a class of skew distribution functions},
	author       = {Simon, Herbert A},
	year         = 1955,
	journal      = {Biometrika},
	publisher    = {JSTOR},
	volume       = 42,
	number       = {3/4},
	pages        = {425--440}
}
@article{stachowski2020,
	title        = {Piotrowski-Altmann law: State of the art},
	author       = {Kamil Stachowski},
	year         = 2020,
	month        = jul,
	journal      = {Glottotheory},
	publisher    = {Walter de Gruyter {GmbH}},
	volume       = 11,
	number       = 1,
	doi          = {10.1515/glot-2020-2002},
	url          = {https://doi.org/10.1515/glot-2020-2002}
}
@incollection{strauss2007word,
	title        = {Word length and word frequency},
	author       = {Strauss, Udo and Grzybek, Peter and Altmann, Gabriel},
	year         = 2007,
	booktitle    = {Contributions to the science of text and language},
	publisher    = {Springer},
	pages        = {277--294}
}
@article{suzuki2005,
	title        = {Scale-free statistics of time interval between successive earthquakes},
	author       = {Sumiyoshi Abe and Norikazu Suzuki},
	year         = 2005,
	journal      = {Physica A: Statistical Mechanics and its Applications},
	volume       = 350,
	number       = 2,
	pages        = {588--596}
}
@article{teahan2000compression,
	title        = {A compression-based algorithm for Chinese word segmentation},
	author       = {Teahan, William J and Wen, Yingying and McNab, Rodger and Witten, Ian H},
	year         = 2000,
	journal      = {Computational Linguistics},
	publisher    = {MIT Press One Rogers Street, Cambridge, MA 02142-1209, USA journals-info~…},
	volume       = 26,
	number       = 3,
	pages        = {375--393}
}
@inproceedings{tomaschek2017word,
	title        = {Word frequency, vowel length and vowel quality in speech production: An EMA study of the importance of experience},
	author       = {Tomaschek, Fabian and Wieling, Martijn and Arnold, Denis and Baayen, R Harald},
	year         = 2017,
	booktitle    = {14th Annual Conference of the International Speech Communication Association (INTERSPEECH 2013), Lyon, France, 25-29 August 2013},
	pages        = {1302--1306},
	organization = {International Speech Communications Association}
}
@article{Torre2019,
	title        = {On the physical origin of linguistic laws and lognormality in speech},
	author       = {Iv{\'{a}}n G. Torre and Bartolo Luque and Lucas Lacasa and Christopher T. Kello and Antoni Hern{\'{a}}ndez-Fern{\'{a}}ndez},
	year         = 2019,
	month        = aug,
	journal      = {Royal Society Open Science},
	publisher    = {The Royal Society},
	volume       = 6,
	number       = 8,
	pages        = 191023,
	doi          = {10.1098/rsos.191023},
	url          = {https://doi.org/10.1098/rsos.191023}
}
@article{tweedie1998variable,
	title        = {How variable may a constant be? Measures of lexical richness in perspective},
	author       = {Tweedie, Fiona J and Baayen, R Harald},
	year         = 1998,
	journal      = {Computers and the Humanities},
	publisher    = {Springer},
	volume       = 32,
	number       = 5,
	pages        = {323--352}
}
@article{vanLeijenhorst2005,
	title        = {A formal derivation of {H}eaps' Law},
	author       = {Leijenhorst, D. C. van and Weide, Th. P. van der and Grootjen, F.A.},
	year         = 2005,
	journal      = {Information Sciences},
	publisher    = {Elsevier Science Inc.},
	address      = {New York, NY, USA},
	volume       = 170,
	number       = {2-4},
	pages        = {263--272}
}
@article{wichmann2005,
	title        = {On the power-law distribution of language family sizes},
	author       = {S{\o}ren Wichmann},
	year         = 2005,
	month        = mar,
	journal      = {Journal of Linguistics},
	publisher    = {Cambridge University Press ({CUP})},
	volume       = 41,
	number       = 1,
	pages        = {117--131},
	doi          = {10.1017/s002222670400307x},
	url          = {https://doi.org/10.1017/s002222670400307x}
}
@article{yu2018zipf,
	title        = {Zipf's law in 50 languages: its structural pattern, linguistic interpretation, and cognitive motivation},
	author       = {Yu, Shuiyuan and Xu, Chunshan and Liu, Haitao},
	year         = 2018,
	journal      = {arXiv preprint arXiv:1807.01855},
	doi          = {10.48550/ARXIV.1807.01855}
}
@book{yule1944statistical,
	title        = {The statistical study of literary vocabulary},
	author       = {Yule, G. Udny},
	year         = 1944,
	publisher    = {Cambridge University Press}
}
@book{zipf1935,
	title        = {The Psycho-biology of language: an introduction to dynamic philology},
	author       = {George Kingsley Zipf},
	year         = 1935,
	publisher    = {The MIT Press}
}
@article{zipf1945,
	title        = {The Meaning-Frequency Relationship of Words},
	author       = {George Kingsley Zipf},
	year         = 1945,
	month        = oct,
	journal      = {The Journal of General Psychology},
	publisher    = {Informa {UK} Limited},
	volume       = 33,
	number       = 2,
	pages        = {251--256},
	doi          = {10.1080/00221309.1945.10544509},
	url          = {https://doi.org/10.1080/00221309.1945.10544509}
}
@book{zipf1949,
	title        = {Human behavior and the principle of least effort},
	author       = {George Kingsley Zipf},
	year         = 1949,
	publisher    = {Addison-Wesley}
}

@mastersthesis{sayli2002duration,
      title={Duration analysis and modeling for Turkish text-to-speech synthesis},
        author={Sayli, Omer},
	    school = {Bogazici Universitesi},
	    year={2002}
}

@misc{textblockgesetz2021,
    	title = {Textblockgesetz},
	author = {Wikipedia},
			url = {https://de.wikipedia.org/w/index.php?title=Textblockgesetz&oldid=218036550},
				urldate = {2022-10-25},
					journal = {Wikipedia},
						month = dec,
							year = {2021},
}

@article{best2005sprachliche,
      title={Sprachliche Einheiten in Textbl{\"o}cken.},
        author={Best, Karl-Heinz},
	  journal={Glottometrics},
	    volume={9},
	      pages={1--12},
	        year={2005}
}


@article{altmann1982towards,
      title={Towards a law of word repetitions in text-blocks},
        author={Altmann, Gabriel and Burdinski, Violetta},
	  journal={Glottometrika},
	    volume={4},
	      pages={147--167},
	        year={1982},
		  publisher={Brockmeyer Bochum}
}


@misc{martinschesgesetz2021,
    	title = {Martinsches Gesetz},
	author = {Wikipedia},
			url = {https://de.wikipedia.org/wiki/Martinsches_Gesetz},
				urldate = {2022-10-27},
					journal = {Wikipedia},
						month = dec,
							year = {2021},
}

@incollection{bagheri2002,
author = {Dariusch Bagheri},
title = {Definitionsfolgen und Lexemnetze},
editor = {Gabriel Altmann and Dariusch Bagheri and Hans Goebl and Reinhard Köhler and Claudia Prün},
booktitle = {Einführung in die quantitative Lexikologie},
publisher = {Peust \& Gutschmidt},
year = {2002},
pages = {124},
}
