@book{oppenheim2009,
 Author = {Alan V. Oppenheim},
 title = {Discrete-Time Signal Processing},
 publisher = {Pearson},
 year = {2009},
 month = {aug},
 isbn = {0131988425}
}

@book{salomon2000,
  title={Data Compression: The Complete Reference},
  author={David Salomon},
  isbn={9780387950457},
  year={2000},
  publisher={Springer New York}
}

@book{salomon2010,
  title={Handbook of Data Compression},
  author={David Salomon and David Bryant and Giovanni Motta},
  isbn={9781848829039},
  year={2010},
  publisher={Springer London}
}


@book{gallager2008,
  doi = {10.1017/cbo9780511813498},
  year = {2008},
  publisher = {Cambridge University Press},
  author = {Robert G. Gallager},
  title = {Principles of Digital Communication}
}


@book{tokunbo,
 author = {Tokunbo Ogundunmi and Madigally Narasimha},
 title = {Principles of Speech Coding},
 publisher = {CRC Press},
 year = {2010},
 keywords = {tokunbo}
}

@inproceedings{araujo2018,
  doi = {10.14209/sbrt.2018.65},
  url = {https://doi.org/10.14209/sbrt.2018.65},
  year = {2018},
  publisher = {Sociedade Brasileira de Telecomunica{\c{c}}{\~{o}}es},
  author = {Leonardo Ara{\'{u}}jo and Jo{\~{a}}o Sans{\~{a}}o and Sandro Fasolo},
  title = {Quantiza{\c{c}}{\~{a}}o Vetorial de Cores em Imagens Digitais},
  booktitle = {Anais de {XXXVI} Simp{\'{o}}sio Brasileiro de Telecomunica{\c{c}}{\~{o}}es e Processamento de Sinais}
}
