@article{shannon1948,
    author = {Claude E. Shannon},
    title = {A mathematical theory of communication.},
    journal = {Bell Syst. Tech. J.},
    number = 3,
    volume = 27,
    pages = {379--423},
    year = 1948
}


@misc{wiki:morse,
   author = "{Wikipedia}",
   title = "Morse code",
   year = "2020",
   howpublished = "\url{https://en.wikipedia.org/wiki/Morse_code}",
   note = "[Online; accessed 10-August-2020]"
}

@misc{wiki:bauby,
   author = "{Wikipedia}",
   title = "Jean-Dominique Bauby",
   year = "2020",
   howpublished = "\url{https://en.wikipedia.org/wiki/Jean-Dominique_Bauby}",
   note = "[Online; accessed 10-August-2020]"
}

@misc{wiki:letterfreq,
   author = "{Wikipedia}",
   title = "Letter frequency",
   year = "2020",
   howpublished = "\url{https://en.wikipedia.org/wiki/Letter_frequency}",
   note = "[Online; accessed 10-August-2020]"
}

@misc{wiki:etaoin,
   author = "{Wikipedia}",
   title = "Etaoin shrdlu",
   year = "2020",
   howpublished = "\url{https://en.wikipedia.org/wiki/Etaoin_shrdlu}",
   note = "[Online; accessed 10-August-2020]"
}

